2667 4775
39 535 43 550 ’
140 613 150 638 .›
180 572 220 615 eo
241 551 355 646 plures
375 547 423 614 ilb
445 547 545 613 etiarn
558 569 678 620 manus
691 549 871 614 admovere
891 548 1093 615 emendandi
1106 557 1223 616 cauma

176 237 248 336 viu
450 251 936 372 1.‘·n.=uasnsa·1

263 445 477 561 Quo'plures
503 461 646 534 lectores
671 472 706 528 et
724 459 888 529 studiosos
908 461 1029 528 habuit
1041 460 1221 540 Horatius,

178 645 289 701 conam
309 645 402 713 sunt,
424 643 617 720 nodsequo
630 655 799 716 snecmsu,
825 634 974 700 dissimili
986 633 1178 710 nimirumi'
1193 631 1235 695 si‘

178 721 314 808 ingenio
328 718 556 870 doctrinaque.
599 719 773 806 Ingeniosi
788 732 822 785 et
843 719 965 786 eruditi
981 719 1046 784 viri
1058 717 1120 782 sibi
1143 654 1224 806 plia·

180 816 341 883 suerunt,
371 805 400 870 si
443 805 479 870 ui
524 808 721 894 exsculpere
738 818 875 897 possent
896 806 1058 890 elegantia
1077 803 1222 878 Horatii,

179 902 220 957 nt
236 891 299 978 ipsi
313 890 438 956 arbitra
461 902 572 972 antur,
593 891 744 976 digniusr
772 892 829 957 sed
841 892 992 980 primum
1013 889 1094 956 illud
1107 890 1224 976 ipsum

179 975 360 1056 iudicium,
382 976 474 1065 Quid
489 976 533 1042 sit
545 976 583 1043 in
594 977 756 1066 scriptore
763 1000 872 1066 prope
885 977 936 1049 bis
951 976 1042 1043 mille
1050 997 1224 1050 annorum

180 1060 389 1149 elegantius?
416 1059 548 1138 difficile
557 1074 612 1140 est
627 1074 660 1128 et
675 1064 722 1128 ita
734 1063 850 1128 m'ultis
863 1083 962 1150 saepe
973 1059 1159 1127 rationibus
1165 1060 1225 1124 in-

179 1149 346 1228 volumm,
363 1159 405 1225 ,ut
420 1141 543 1219 merita
560 1149 626 1214 hoo
639 1150 793 1223 maxiano
806 1148 841 1213 in
854 1170 985 1236 genere,
1001 1168 1070 1235 quo
1081 1145 1158 1234 qtiis
1174 1155 1225 1209 est

182 1231 328 1314 doctior,
350 1244 444 1299 tanto
458 1233 594 1306 maioris
605 1234 787 1302 modestiae
801 1257 932 1300 caussas
946 1233 1089 1309 habeat,
1228 1245 1233 1276 ³

142 1334 147 1340 '
194 1339 197 1346 ·
268 1320 314 1385 Et
333 1319 362 1384 si
382 1319 499 1388 desum
513 1320 595 1386 viris
608 1321 729 1400 doctis,
752 1319 864 1410 (quod
880 1342 960 1387 cum
969 1318 1151 1384 universim
1159 1339 1225 1382 ne-

180 1406 255 1493 gari
267 1417 406 1494 propter
418 1406 587 1473 humanae
600 1417 744 1476 natum
757 1417 789 1471 et
811 1405 862 1471 rei
877 1405 981 1496 ipsius
995 1403 1227 1492 conditionem

180 1514 253 1562 aon
264 1492 383 1579 possit,
402 1503 517 1565 tamen
530 1492 567 1558 in
577 1492 645 1560 hoc
664 1493 720 1562 vel
738 1493 797 1558 illc
815 1492 889 1557 loco
908 1499 1049 1580 propter
1069 1511 1225 1555 caussam

179 1578 282 1648 modo
295 1577 476 1644 indicatam
496 1579 633 1644 concedi
653 1578 711 1652 vix
733 1601 771 1643 ae
785 1600 839 1662 ne
854 1577 915 1650 vix
934 1574 1070 1677 quidem
1087 1573 1233 1663 potest)

180 1663 269 1754 ipsos
284 1663 411 1748 aliquid
419 1664 583 1743 invenisse
590 1662 872 1756 acceptalectione
880 1666 1010 1743 melius,
1031 1659 1226 1748 pulchriuss

115 1756 118 1760 ’
183 1748 318 1813 enideo
333 1749 415 1815 illud
427 1750 537 1838 potius
549 1751 614 1815 scri
638 1751 716 1815 sisse
729 1748 925 1828 Horatium,
948 1746 1140 1815 conlectum
1149 1747 1233 1812 esti

180 1834 334 1903 Licuitne
348 1834 544 1917 dormitare,
566 1836 591 1904 h
623 1836 751 1910 ucinari
766 1835 866 1908 mam
880 1832 1044 1901 Horatio?

191 1928 194 1934 '
268 1919 362 2010 Quid
384 1920 552 2009 scripserit
563 1922 716 2003 Flaccus,
749 1944 788 1986 ea
811 1922 959 2006 quaestio
978 1917 1133 1984 historica
1154 1931 1223 1984 ests

180 2006 219 2071 in
234 2029 274 2071 ea
286 2006 435 2085 testibus,
457 2007 491 2072 h.
509 2031 539 2072 e.
552 2008 646 2076 libris
659 2007 814 2093 antiquis,
837 2004 1114 2072 consentientibus
1121 2003 1225 2092 prae·-

181 2093 298 2182 cipue,
321 2093 554 2173 credendum,
574 2115 678 2180 quam
695 2092 754 2158 diu
767 2093 831 2181 ipsi
844 2091 906 2159 sibi
919 2091 1021 2157 fidem
1037 2090 1108 2157 n'cu
1119 2091 1225 2157 abro-

181 2189 279 2265 gant,
309 2201 413 2265 quam
428 2178 487 2243 diu
511 2203 582 2246 nou
602 2180 720 2245 dicunt
746 2188 862 2267 aperte
881 2176 1112 2277 repugnantia.
1157 2177 1225 2246 Sed

180 2263 340 2330 ridentur
356 2264 527 2340 interdum
548 2287 754 2371 repugnare,
800 2286 879 2345 uae,
901 2274 1140 2351 circumspecta
1158 2263 1226 2328 site

181 2349 276 2416 omni
294 2350 559 2432 circumstantia,
586 2374 623 2418 m
646 2288 859 2427 concordiam
878 2359 1020 2438 possunt
1037 2347 1143 2437 redigi
1172 2371 1224 2430 eo,

180 2436 270 2514 utin
283 2438 428 2516 musicis,
449 2437 700 2516 iucundiorem,
716 2436 805 2523 quod
818 2436 944 2501 habent
956 2433 1083 2519 aliquid
1114 2455 1225 2519 ugnas
1242 2444 1244 2452 ‘

179 2521 374 2589 admistum.
418 2522 514 2588 Talia
535 2516 705 2615 ὀξύμωρα
719 2546 788 2587 non
804 2522 980 2587 observata
993 2518 1071 2584 frou
1095 2521 1107 2585 i
1127 2516 1227 2586 luere

180 2631 252 2678 non
267 2631 446 2694 nunquam
460 2610 627 2691 Bentleio,
648 2630 681 2672 v.
697 2632 726 2674 c.
741 2608 849 2676 Serm.
872 2629 902 2687 a,
919 2608 951 2687 5,
965 2628 1005 2693 79
1019 2617 1052 2670 et
1071 2607 1141 2672 105.
1186 2606 1225 2673 si

176 2694 262 2780 'quid
277 2706 391 2761 autem
403 2695 447 2759 sit
459 2696 576 2774 etiam,
601 2694 724 2783 quoda
737 2694 857 2759 vitiosa
870 2692 1225 2793 repugnantialibera·
1263 2724 1267 2737 ·

181 2802 221 2845 re
232 2802 305 2847 non
363 2781 454 2859 ssim,
476 2803 547 2845 non
563 2780 638 2845 ideo
652 2803 753 2844 urere
768 2790 803 2843 et
815 2782 927 2843 secare
941 2778 1027 2855 hcet,
1048 2799 1118 2842 non
1126 2800 1224 2865 gras*

178 2864 247 2929 sari
261 2865 298 2931 in
313 2802 433 2945 liiiros,
460 2865 549 2929 utin
569 2864 810 2952 discipulorum
830 2886 933 2951 pensa
955 2863 1040 2927 solet
1060 2863 1225 2928 emenda-

58 3016 61 3037 ,
177 2949 247 3017 trix
261 2970 382 3013 manus
396 2949 639 3046 praeceptoris:
660 2949 718 3014 sed
732 2949 796 3014 nisi
813 2951 861 3014 ita
879 2947 999 3028 mollis,
1019 2949 1068 3013 ita
1081 2949 1224 3034 liquida,

177 3032 227 3102 ita
242 3033 342 3113 clara,
363 3034 410 3099 its
424 3054 524 3099 muca
536 3036 579 3100 sit
591 3034 797 3114 emendatio,
815 3037 919 3185 plane
931 3032 982 3097 uti
996 3033 1148 3099 dubitare
1155 3035 1225 3099 lio·

52 3124 54 3141 '
134 3130 138 3139 ⁴
177 3119 264 3184 mini
277 3140 395 3185 rerum
407 3120 516 3207 perito
530 3143 599 3186 non
613 3121 726 3201 liceat,
756 3144 813 3187 mo
837 3120 939 3185 estiae
958 3130 1093 3187 nostrae
1109 3130 1143 3184 et
1157 3119 1224 3185 bo-

177 3226 304 3271 norum
328 3204 495 3271 librorum
514 3192 696 3304 inlegrita'ti
720 3205 833 3294 potius
854 3207 902 3271 ita
923 3196 1165 3286 consulamus,
1184 3217 1226 3271 ut
1251 3208 1253 3211 ’

177 3290 216 3359 in
229 3291 400 3376 margins,
421 3292 609 3377 quidnobis
623 3291 796 3371 videatur,
818 3291 1012 3359 indicemus.

264 3376 338 3440 Dici
367 3400 439 3441 non
465 3388 592 3469 potest,
628 3399 731 3464 quam
759 3374 855 3443 facile
883 3378 925 3441 sit
944 3374 999 3441 hie
1019 3371 1107 3456 falli,
1134 3374 1224 3458 labi,

177 3482 398 3549 corrumpere
410 3463 502 3547 quod
516 3463 696 3528 emendare
709 3461 800 3528 ielis.
831 3458 933 3527 ¹Cum
948 3460 1150 3525 concedatur
1166 3485 1224 3538 se-

179 3544 277 3611 nibus
307 3557 628 3640 nspraur'otoysir„
648 3548 756 3615 dicam
786 3546 876 3633 quid>
890 3547 974 3612 mihi
995 3562 1059 3612 usu
1079 3547 1223 3611 venerit.
1248 3544 1251 3557 '

175 3631 286 3698 Fuere
300 3628 341 3697 ab
358 3632 579 3701 adolescentia
596 3632 677 3699 inde
689 3656 766 3698 mea
786 3631 902 3711 amici,
923 3632 1042 3697 eruditi
1054 3652 1134 3694 sane
1155 3631 1225 3697 ho-

175 3718 285 3787 mines
313 3730 347 3783 et
373 3718 556 3804 ingeniosi,
590 3718 647 3805 qui
674 3717 814 3785 subinde
834 3728 1028 3783 accusarent
1048 3738 1161 3781 meam
1185 3719 1225 3783 in

175 3803 466 3871 emendationibus
480 3806 535 3883 rel
556 3804 671 3870 alienis
687 3806 741 3869 vel
753 3804 836 3869 meis
855 3796 1067 3868 admittendis
1080 3802 1227 3868 tardita-

175 3899 256 3953 tem.
279 3899 284 3911 ·
303 3888 370 3956 Sed
380 3887 498 3955 ’fateor
518 3890 679 3978 ingenue,
701 3890 877 3974 aliquoties
898 3901 1012 3953 tamen
1033 3906 1111 3951 cum
1127 3889 1224 3953 omni

174 3974 252 4055 illa,
284 3994 386 4061 qnam
411 3998 471 4062 ego
499 3978 688 4043 cautionem
708 3974 939 4062 appellabam,
971 3970 1034 4063 ipsi
1055 3972 1223 4038 timidita-

173 4073 264 4138 tem,
286 4060 462 4147 aliquoties
485 4059 570 4126 mihi
591 4083 656 4125 usu
677 4061 820 4137 venisse,
843 4071 883 4124 ut
903 4070 1001 4125 aucto
1021 4058 1144 4125 seilicet
1163 4080 1224 4137 re-

171 4166 253 4211 rum
276 4145 457 4212 verborum
479 4170 524 4212 us
545 4168 628 4224 usu,
664 4145 896 4213 retractandae
923 4155 1032 4222 essent
1059 4143 1224 4221 emenda-

169 4229 298 4319 tiones,
325 4254 415 4325 qaae
428 4255 451 4301 r
537 4232 626 4303 mihi
641 4232 862 4323 placuerant..
